@book {CosBook,
    AUTHOR = {Costello, Kevin},
     TITLE = {Renormalization and effective field theory},
    SERIES = {Mathematical Surveys and Monographs},
    VOLUME = {170},
 PUBLISHER = {American Mathematical Society},
   ADDRESS = {Providence, RI},
      YEAR = {2011},
     PAGES = {viii+251},
      ISBN = {978-0-8218-5288-0},
   MRCLASS = {81T15 (58Jxx 81T70)},
  MRNUMBER = {2778558},
}

@unpublished {CosInt,
   AUTHOR = {Costello, Kevin},
     TITLE = {{I}ntegrable lattice models from four-dimensional field theories},
 NOTE = {Available at \url{https://arxiv.org/abs/1308.0370}},
}

@unpublished {CosYangian,
   AUTHOR = {Costello, Kevin},
     TITLE = {{S}upersymmetric gauge theory and the {Y}angian},
 NOTE = {Available at \url{http://arxiv.org/abs/1303.2632}},
}

@unpublished {CWY1,
   AUTHOR = {Costello, Kevin and Witten, Edward and Yamazaki, Masahito},
     TITLE = {{G}auge {T}heory and {I}ntegrability, I},
 NOTE = {Available at \url{https://arxiv.org/abs/1709.09993}},
}

@unpublished {CWY2,
   AUTHOR = {Costello, Kevin and Witten, Edward and Yamazaki, Masahito},
     TITLE = {{G}auge {T}heory and {I}ntegrability, II},
 NOTE = {Available at \url{https://arxiv.org/abs/1802.01579}},
}

@unpublished {LurieHA,
    AUTHOR = {Lurie, Jacob},
     TITLE = {Higher {A}lgebra},
NOTE = {available at \url{http://www.math.harvard.edu/~lurie/papers/higheralgebra.pdf}},
}

@book {BD,
    AUTHOR = {Beilinson, Alexander and Drinfeld, Vladimir},
     TITLE = {Chiral algebras},
    SERIES = {American Mathematical Society Colloquium Publications},
    VOLUME = {51},
 PUBLISHER = {American Mathematical Society},
   ADDRESS = {Providence, RI},
      YEAR = {2004},
     PAGES = {vi+375},
      ISBN = {0-8218-3528-9},
   MRCLASS = {17Bxx (14F43)},
  MRNUMBER = {2058353 (2005d:17007)},
MRREVIEWER = {Francisco J. Plaza Mart{\'{\i}}n},
}

@book {CG1,
    AUTHOR = {Costello, Kevin and Gwilliam, Owen},
     TITLE = {Factorization algebras in quantum field theory. {V}ol. 1},
    SERIES = {New Mathematical Monographs},
    VOLUME = {31},
 PUBLISHER = {Cambridge University Press, Cambridge},
      YEAR = {2017},
     PAGES = {ix+387},
      ISBN = {978-1-107-16310-2},
   MRCLASS = {81-01 (17B69 18D50 53D55 81R05 81R10)},
  MRNUMBER = {3586504},
       DOI = {10.1017/9781316678626},
       URL = {http://dx.doi.org/10.1017/9781316678626},
}

@unpublished {CG2,
   AUTHOR = {Costello, Kevin and Gwilliam, Owen},
     TITLE = {Factorization algebras in quantum field theory. {V}ol. 2},
 NOTE = {available at \url{http://people.mpim-bonn.mpg.de/gwilliam}},
}

@article {AFTopMan,
    AUTHOR = {Ayala, David and Francis, John},
     TITLE = {Factorization homology of topological manifolds},
   JOURNAL = {J. Topol.},
  FJOURNAL = {Journal of Topology},
    VOLUME = {8},
      YEAR = {2015},
    NUMBER = {4},
     PAGES = {1045--1084},
      ISSN = {1753-8416},
   MRCLASS = {57R56 (55U40 57N35)},
  MRNUMBER = {3431668},
       DOI = {10.1112/jtopol/jtv028},
       URL = {http://dx.doi.org/10.1112/jtopol/jtv028},
}

@book {ChariPressley,
    AUTHOR = {Chari, Vyjayanthi and Pressley, Andrew},
     TITLE = {A guide to quantum groups},
 PUBLISHER = {Cambridge University Press, Cambridge},
      YEAR = {1994},
     PAGES = {xvi+651},
      ISBN = {0-521-43305-3},
   MRCLASS = {17B37 (16W30 81R50)},
  MRNUMBER = {1300632},
MRREVIEWER = {Tomasz Brzezi\'nski},
}
@book {Etingof,
    AUTHOR = {Etingof, Pavel and Schiffmann, Olivier},
     TITLE = {Lectures on quantum groups},
    SERIES = {Lectures in Mathematical Physics},
   EDITION = {Second},
 PUBLISHER = {International Press, Somerville, MA},
      YEAR = {2002},
     PAGES = {xii+242},
      ISBN = {1-57146-094-2},
   MRCLASS = {17B37 (16W35 17-02 17B62 32G34 81R50)},
  MRNUMBER = {2284964},
}
@article {Tamarkin,
    AUTHOR = {Tamarkin, Dmitry E.},
     TITLE = {Formality of chain operad of little discs},
   JOURNAL = {Lett. Math. Phys.},
  FJOURNAL = {Letters in Mathematical Physics},
    VOLUME = {66},
      YEAR = {2003},
    NUMBER = {1-2},
     PAGES = {65--72},
      ISSN = {0377-9017},
   MRCLASS = {18G55 (08C15 18D50 55U10)},
  MRNUMBER = {2064592},
MRREVIEWER = {Alexander Gorokhovsky},
       DOI = {10.1023/B:MATH.0000017651.12703.a1},
       URL = {https://doi.org/10.1023/B:MATH.0000017651.12703.a1},
}

@article {WittenJones,
    AUTHOR = {Witten, Edward},
     TITLE = {Quantum field theory and the {J}ones polynomial},
   JOURNAL = {Comm. Math. Phys.},
  FJOURNAL = {Communications in Mathematical Physics},
    VOLUME = {121},
      YEAR = {1989},
    NUMBER = {3},
     PAGES = {351--399},
      ISSN = {0010-3616},
   MRCLASS = {57M25 (17B67 57N10 58D15 58D30 81E40)},
  MRNUMBER = {990772},
MRREVIEWER = {Daniel S. Freed},
       URL = {http://projecteuclid.org.ezproxy.neu.edu/euclid.cmp/1104178138},
}